@inproceedings{inproceedings,
author = {Saeedipour, Mahdi and Schneiderbauer, Simon and Pirker, Stefan and Bozorgi, Salar},
year = {2014},
month = {09},
pages = {},
title = {Numerical simulation of turbulent liquid jet breakup using a sub-grid criterion with industrial application}
}